<record><leader>00000cas a2200000 a 4500</leader><controlfield tag="001">18253929</controlfield><controlfield tag="008">880722c19789999miudn n       0   a0eng c</controlfield><datafield ind1=" " ind2=" " tag="010"><subfield code="a">sn 96077065 </subfield></datafield><datafield ind1=" " ind2=" " tag="040"><subfield code="a">EZN</subfield><subfield code="b">eng</subfield><subfield code="c">EZN</subfield><subfield code="d">MHN</subfield><subfield code="d">OCL</subfield><subfield code="d">OCLCQ</subfield><subfield code="d">OCLCF</subfield><subfield code="d">OCLCO</subfield></datafield><datafield ind1="1" ind2=" " tag="029"><subfield code="a">AU@</subfield><subfield code="b">000012852078</subfield></datafield><datafield ind1=" " ind2=" " tag="032"><subfield code="a">269880</subfield><subfield code="b">USPS</subfield></datafield><datafield ind1=" " ind2=" " tag="042"><subfield code="a">pcc</subfield></datafield><datafield ind1=" " ind2=" " tag="043"><subfield code="a">n-us-mi</subfield></datafield><datafield ind1=" " ind2=" " tag="090"><subfield code="a">AN</subfield><subfield code="b">.D3</subfield></datafield><datafield ind1="0" ind2=" " tag="130"><subfield code="a">Daily news (Iron Mountain, Mich.)</subfield></datafield><datafield ind1="1" ind2="4" tag="245"><subfield code="a">The Daily News.</subfield></datafield><datafield ind1=" " ind2=" " tag="260"><subfield code="a">Iron Mountain-Kingsford, Mich. :</subfield><subfield code="b">Panax Corp.</subfield></datafield><datafield ind1=" " ind2=" " tag="300"><subfield code="a">v. :</subfield><subfield code="b">ill. ;</subfield><subfield code="c">58 cm.</subfield></datafield><datafield ind1="0" ind2=" " tag="362"><subfield code="a">57th yr., no. 277 (Mar. 6, 1978)-</subfield></datafield><datafield ind1=" " ind2=" " tag="515"><subfield code="a">Volume numbering desgination dropped: Apr. 9, 1992.</subfield></datafield><datafield ind1=" " ind2=" " tag="580"><subfield code="a">Sunday ed.: Upper peninsula Sunday times (Iron Mountain, Mich.).</subfield></datafield><datafield ind1=" " ind2="0" tag="651"><subfield code="a">Iron Mountain (Mich.)</subfield><subfield code="v">Newspapers.</subfield></datafield><datafield ind1=" " ind2="0" tag="651"><subfield code="a">Kingsford (Mich.)</subfield><subfield code="v">Newspapers.</subfield></datafield><datafield ind1=" " ind2="0" tag="651"><subfield code="a">Dickinson County (Mich.)</subfield><subfield code="v">Newspapers.</subfield></datafield><datafield ind1=" " ind2="7" tag="655"><subfield code="a">Newspapers.</subfield><subfield code="2">fast</subfield><subfield code="0">(OCoLC)fst01423814</subfield></datafield><datafield ind1=" " ind2="7" tag="651"><subfield code="a">Michigan</subfield><subfield code="z">Dickinson County.</subfield><subfield code="2">fast</subfield><subfield code="0">(OCoLC)fst01214780</subfield></datafield><datafield ind1=" " ind2="7" tag="651"><subfield code="a">Michigan</subfield><subfield code="z">Iron Mountain.</subfield><subfield code="2">fast</subfield><subfield code="0">(OCoLC)fst01204814</subfield></datafield><datafield ind1=" " ind2="7" tag="651"><subfield code="a">Michigan</subfield><subfield code="z">Kingsford.</subfield><subfield code="2">fast</subfield><subfield code="0">(OCoLC)fst01237435</subfield></datafield><datafield ind1="1" ind2=" " tag="775"><subfield code="t">Upper peninsula Sunday times (Iron Mountain, Mich.)</subfield><subfield code="w">(DLC)sn 96077066</subfield><subfield code="w">(OCoLC)35564621</subfield></datafield><datafield ind1="0" ind2="0" tag="780"><subfield code="t">Iron Mountain news</subfield><subfield code="w">(DLC)sn 83025252</subfield><subfield code="w">(OCoLC)9356043</subfield></datafield></record>